@misc{bench,
  title = {Benchmark (computação)},
  howpublished = {\url{https://pt.wikipedia.org/wiki/Benchmark}},
}

@misc{bench_act_pass,
  title = {Active Benchmarking},
  howpublished = {\url{http://www.brendangregg.com/activebenchmarking.html}},
}

@article{iozone_man,
  author  = {William D. Norcott}, 
  title   = {Iozone Filesystem Benchmark},
}