@misc{trap_rule,
  title = {Integração numérica},
  howpublished = {\url{https://pt.wikipedia.org/wiki/Integracao_numerica}},
}